@inproceedings{fma_dataset,
  title = {FMA: A Dataset for Music Analysis},
  author = {Defferrard, Micha\"el and Benzi, Kirell and Vandergheynst, Pierre and Bresson, Xavier},
  booktitle = {18th International Society for Music Information Retrieval Conference},
  year = {2017},
  url = {https://arxiv.org/abs/1612.01840},
}

@inproceedings{tree,
    title= {http://what-when-how.com/advanced-methods-in-computer-graphics/collision-detection-advanced-methods-in-computer-graphics-part-6/},
}
